@book{book:sample,
	author    = {Reliable Software Engineering, Lab},
	year      = {2020},
	month     = {Januari},
	pages     = {},
	title     = {AISCO},
	isbn      = {999-9-999-99999-9},
	journal   = {Judul Jurnal},
	doi       = {99.9999/9-999-99999-9},
	publisher = {Universitas Indonesia},
	address   = {Depok}
}

@manual{latex:intro,
	author    = {Jeff Clark},
	year      = {2010},
	month     = {Januari},
	date      = {26},
	title     = {Introduction to \latex},
	note      = {\url{http://frodo.elon.edu/tutorial/tutorial/node3.html}}
}

@manual{latex:source_code_listings,
	author    = {Wikibooks},
	title     = {LaTeX/Source Code Listings},
	note      = {\url{https://en.wikibooks.org/wiki/LaTeX/Source_Code_Listings}}
}